@Article{ref1,
  author =       "A. M. Deshpande and S. Patnaik",
  title =        "Comparative Study and Qualitative-Quantitative Investigations of Several Motion Deblurring Algorithms",
  journal = 	 "IJCA Proceedings on International Conference and workshop on Emerging Trends in Technology (ICWET)",
  year = 	 "2011",
  volume = 	 "2",
  pages = 	 "27-34",
}

@Article{ref2,
  author =       "C. Hansen, J. G. Nagy, D. P. O'Leary",
  title =        "Deblurring Images: Matrices, Spectra, and Filtering",
  journal = 	 "Society for Industrial and Applied Mathematics",
  year = 	 "2017",
  pages = 	 "12",
}

@Article{ref3,
  author =       "Wikipedia",
  title =        "Wiener deconvolution",
year = "",
}

@Article{ref4,
  author =       "T. Grenier",
  title =        "Image Processing and Analysis",
  journal = 	 "INSA GE",
year = "",
}

@Article{ref5,
  author =       "M. Donatelli",
  title =        "A multigrid for image deblurring with Tikhonov regularization.",
  journal = 	 "Numerical Lin. Alg. with Applic. 12 (8)",
  year = 	 "2005",
  pages = 	 "715-729",
}

@Article{ref6,
  author =       "Fall",
  title =        "Basics of Image Deblurring",
  journal = 	 "Math 561",
  year = 	 "2006",
}

@Article{ref7,
  author =       "Q. Shan, J. Jia, and A. Agarwala",
  title =        "High-quality motion deblurring from a single image",
  journal = 	 "ACM Transactions on Graphics (SIGGRAPH)",
  year = 	 "2008",
  month = "Aug.",
  volume = 	 "27",
  pages = 	 "73:1-73:10",
}